
@misc{OpenCV,
  author = {OpenCV development team},
  title = {OpenCV 3.0 python tutorials for image display},
  note = {Tutorial explaining basic OpenCV 3.0 function in python for displaying images.},
  year = 2014,
  month = jan,
  url = {https://docs.opencv.org/3.0-beta/doc/py_tutorials/py_gui/py_image_display/py_image_display.html},
  urldate = {2019-8-31},
  timestamp = {Sat, 31 Aug 2019 17:28:42 -0300}
}
